<?xml version="1.0" encoding="UTF-8"?><record xmlns="http://www.loc.gov/MARC21/slim" xmlns:cinclude="http://apache.org/cocoon/include/1.0" xmlns:zs="http://www.loc.gov/zing/srw/">
  <leader>00360nz  a2200145n  4500</leader>
  <controlfield tag="001">no2003046724</controlfield>
  <controlfield tag="003">DLC</controlfield>
  <controlfield tag="005">20030513052255.0</controlfield>
  <controlfield tag="008">030512n| acannaabn          |a aaa      </controlfield>
  <datafield tag="010" ind1=" " ind2=" ">
    <subfield code="a">no2003046724</subfield>
  </datafield>
  <datafield tag="035" ind1=" " ind2=" ">
    <subfield code="a">(OCoLC)oca06047535</subfield>
  </datafield>
  <datafield tag="040" ind1=" " ind2=" ">
    <subfield code="a">DLC-ON</subfield>
    <subfield code="b">eng</subfield>
    <subfield code="c">DLC-ON</subfield>
  </datafield>
  <datafield tag="100" ind1="0" ind2=" ">
    <subfield code="a">Bimal Kaur</subfield>
  </datafield>
  <datafield tag="400" ind1="1" ind2=" ">
    <subfield code="a">Kaur, Bimal</subfield>
  </datafield>
  <datafield tag="670" ind1=" " ind2=" ">
    <subfield code="a">Satwant Kaur, c2002:</subfield>
    <subfield code="b">t.p. (Bimal Kaur)</subfield>
  </datafield>
</record>